%%%%%%%%%%%%%%%%%%%%%%%%%%%%%%%%%%%%%%%%%%%%%%%%%%
%%%%%%%%%%%%%%%%% kvalita kodu %%%%%%%%%%%%%%%%%%%
@Misc{lint,
  key    = "web:lint",
  author = "",
  title  = "lint (software)",
  note   = "\\ \verb|http://en.wikipedia.org/wiki/Lint_(software)|, stav z 16.\,5.\,2010",
}

@Misc{bug_patterns,
  key    = "web:bug_patterns",
  author = "Eric Allen",
  title  = "Bug patterns: An introduction",
  note   = "\\ \verb|http://www.ibm.com/developerworks/library/j-diag1.html|, stav z 16.\,5.\,2010",
}

@Book{SciTech04,
  author    = "McGraw-Hill",
  title     = "McGraw-Hill Concise Encyclopedia of Science and Technology",
  publisher = "McGraw-Hill Professional",
  edition   = "5th",
  year      =  2004,
}

@Misc{static_analysis,
  key    = "web:static_analysis",
  author = "",
  title  = "Static code analysis",
  note   = "\\ \verb|http://en.wikipedia.org/wiki/Static_program_analysis|, stav z 16.\,5.\,2010",
}

@Misc{dynamic_analysis,
  key    = "web:dynamic_analysis",
  author = "",
  title  = "Dynamic program analysis",
  note   = "\\ \verb|http://en.wikipedia.org/wiki/Dynamic_program_analysis|, stav z 16.\,5.\,2010",
}

@Misc{FPA,
  key    = "web:fpa",
  author = "Alvin J. Alexander",
  title  = "How to {D}etermine {Y}our {A}pplication {S}ize {U}sing {F}unction {P}oint {A}nalysis",
  note   = "\\ \verb|http://www.devdaily.com/FunctionPoints/|, stav z 16.\,5.\,2010",
}

@Misc{COCOMO,
  key    = "web:cocomo",
  author = "",
  title  = "{COCOMO} {II}",
  note   = "\\ \verb|http://sunset.usc.edu/csse/research/COCOMOII/cocomo_main.html|, stav z 16.\,5.\,2010",
}

@Misc{SLOC,
  key    = "web:sloc",
  author = "",
  title  = "Source lines of code",
  note   = "\\ \verb|http://en.wikipedia.org/wiki/Source_lines_of_code|, stav z 16.\,5.\,2010",
}

@Misc{LLOC,
  key    = "web:lloc",
  author = "",
  title  = "{LLOC} {L}ogical lines of code",
  note   = "\\ \verb|http://www.aivosto.com/project/help/pm-loc.html#LLOC|, stav z 16.\,5.\,2010",
}

@Misc{MCOMM,
  key    = "web:mcomm",
  author = "",
  title  = "{MCOMM}\% Comment density",
  note   = "\\ \verb|http://www.aivosto.com/project/help/pm-loc.html#MCOMM%|, stav z 16.\,5.\,2010",
}

@Article{NPATH,
  author = "Brian A. Nejmeh",
  title  = "{NPATH}: {A} {M}easure of {E}xecution {P}ath {C}omplexity {A}nd {I}ts {A}pplications",
  journal= "Communications of {ACM}",
  volume = 31,
  year   = 1988,
}

@Article{CCN,
  author = "Thomas J. McCabe",
  title  = "{A} {C}omplexity {M}easure",
  journal= "{IEEE} {T}ransactions {O}n {S}oftware {E}ngineering",
  volume = 4,
  year   = 1976,
}

@Misc{CodeCoverage,
  key    = "web:codecoverage",
  author = "Paul Johnson",
  title  = "{T}esting and {C}ode {C}overage",
  note   = "\\ \verb|http://homepage.hispeed.ch/pjcj/testing_and_code_coverage/paper.html|, stav z 16.\,5.\,2010",
}

@Article{CCN_extra,
  author = "June M. Vemer",
  title  = "{C}yclomatic {C}omplexity: {T}heme and {V}ariations",
  volume = 4,
  year   = 1993,
}

@Misc{MC,
  key    = "web:mc",
  author = "Michael L. Collard",
  title  = "Software Metrics",
  note   = "\\ \verb|www.sdml.info/collard/seF08/notes/Software%20Metrics.ppt|, stav z 16.\,5.\,2010",
}

@Misc{PMComplexity,
  key    = "web:pmcomplexity",
  author = "",
  title  = "{P}roject {M}etrics {H}elp - {C}omplexity",
  note   = "\\ \verb|http://www.aivosto.com/project/help/pm-complexity.html|, stav z 16.\,5.\,2010",
}

@Article{NASA,
  author = "Victor Laing",
  title  = "Principal Components of Orthogonal Object-Oriented Metrics (323-08-14)",
  year   = 2001,
  note   = "White Paper Analyzing Results of NASA Object-Oriented Data",
}

@Article{HKMYW,
  author = "S. Henry",
  title  = "{A} {R}eability {M}odel {I}ncorporating {S}oftware {Q}uality {F}actors",
  year   = 1988,
}

@Misc{SWQMetrics,
  key    = "web:swqmetrics",
  author = "Peter Patton",
  title  = "{S}oftware {Q}uality {M}etrics",
  note   = "\\ \verb|http://www.developer.com/tech/article.php/10923_3644656_2|, stav z 16.\,5.\,2010",
}

@Article{MARCO97,
  author = "Lou Marco",
  journal= "{E}nterprise {S}ystems {J}ournal",
  title  = "{M}easuring software complexity.",
  year   = 1997,
  note   = "\\ \verb|http://cispom.boisestate.edu/cis320emaxson/metrics.htm|, stav z 16.\,5.\,2010",
}

@Misc{CMM,
  key    = "web:cmm",
  author = "Sencer Sultanoglu",
  title  = "{C}omplexity {M}etrics and {M}odels",
  note   = "\\ \verb|http://yunus.hun.edu.tr/~sencer/complexity.html|, stav z 16.\,5.\,2010",
}

@Article{MCCABEWHATSON96,
  author = "Thomas J. McCabe",
  title  = "{S}tructured {T}esting: {A} {T}esting {M}ethodology {U}sing the {C}yclomatic {C}omplexity {M}etric",
  year   = 1996,
}

@Book{Pragmatik,
  author =       "Andrew Hunt",
  title =        "Programátor pragmatik",
  publisher =    "Computer Press s.r.o, Brno",
  edition =      "1st",
  year   = 2007,
  note =	"In Czech",
}

@Article{CK94,
  author = "Chris F. Kemerer",
  journal= "IEEE Transactions On Software Engineering",
  volume = 20,
  title  = "{M}etrics {S}uite for {O}bject {O}riented {D}esign",
  year   = 1994,
}

@Article{KOHEZE1_MARTIN,
  author = "F. Balmas",
  title  = "{S}oftware {M}etrics for {J}ava and {C}++ {P}ractices",
  year   = 2009,
}

@Article{KOHEZE2,
  author = "Radu Marinescu",
  title  = "{U}sing {O}bject-{O}riented {M}etrics for {A}utomatic {D}esign {F}laws {D}etection in {L}arge {S}cale {S}ystems",
}

@Article{KOHEZE3,
  author = "Luis Fernández",
  journal= "Information Theories \& Applications",
  volume = 13,
  title  = "{A} {S}ENSITIVE {M}ETRIC OF {C}LASS {C}OHESION",
}

@Article{LKaMOODextra,
  author = "Mokhtar Boshra",
  title  = "{O}bject-{O}riented {D}esign {Q}uality {M}odels. {A} {S}urvey and {C}omparison",
}

@Article{STAN_paper,
  author = "STAN",
  title  = "{S}tructure {A}nalysis for {J}ava - {W}hite {P}aper",
  year   = 2009,
  note   = "\\ \verb|http://stan4j.com/papers/stan-whitepaper.pdf|, stav z 16.\,5.\,2010",
}

@Article{MILLS88,
  author = "Everald E. Mills",
  title  = "{S}oftware {M}etrics",
  year   = 1988,
  note   = "\\ \verb|http://www.sei.cmu.edu/reports/88cm012.pdf|, stav z 16.\,5.\,2010",
}

@Misc{ASTM,
  key    = "web:astm",
  author = "{OMG}",
  title  = "{A}rchitecture-{D}riven {M}odernization ({ADM}): {A}bstract {S}yntax {T}ree {M}etmodel ({ASTM})",
  note   = "\\ \verb|http://www.omg.org/spec/ASTM/|, stav z 16.\,5.\,2010",
}

@Misc{ISOCpp03,
  key    = "web:isocpp",
  author = "{ISO}/{IEC}",
  title  = "{INTERNATIONAL} {STANDARD}  Programming languages - {C}++",
  year   = 2003,
  note   = "\\ \verb|http://www.iso.org/iso/iso_catalogue.htm|, stav z 16.\,5.\,2010",
}

@Misc{Flex,
  key    = "web:flex",
  title  = "flex: {T}he {F}ast {L}exical {A}nalyzer",
  note   = "\\ \verb|http://flex.sourceforge.net/|, stav z 16.\,5.\,2010",
}

@Misc{Bison,
  key    = "web:bison",
  title  = "{B}ison - {GNU} parser generator",
  note   = "\\ \verb|http://www.gnu.org/software/bison/|, stav z 16.\,5.\,2010",
}

@Misc{JARZIP,
  key    = "web:jarzip",
  title  = "jar-{T}he {J}ava {A}rchive {T}ool",
  note   = "\\ \verb|http://java.sun.com/j2se/1.4.2/docs/tooldocs/windows/jar.html|, stav z 16.\,5.\,2010",
}

@Misc{JAVABYTECODE,
  key    = "web:javabytecode",
  title  = "{J}ava bytecode: {U}nderstanding bytecode makes you a better programmer",
  author = "Peter Haggar",
  note   = "\\ \verb|http://www.ibm.com/developerworks/ibm/library/it-haggar_bytecode/|, stav z 16.\,5.\,2010",
}

@Article{MOOD,
  author = "Muktamyee Sarker",
  title  = "{A}n overview of {O}bject {O}riented {D}esign {M}etrics",
  year   = 2005,
  note   = "\\ \verb|www8.cs.umu.se/education/examina/Rapporter/MuktamyeSarker.pdf|, stav z 16.\,5.\,2010",
}

@Article{MOODtwo,
  key    = "web:moodtwo",
  title  = "{P}roject {M}etrics Help - {MOOD} and {MOOD2} metrics",
  note   = "\\ \verb|http://www.aivosto.com/project/help/pm-oo-mood.html|, stav z 16.\,5.\,2010",
}

%%%%%%%%%%%%%%%% ~kvalita kodu~ %%%%%%%%%%%%%%%%%%
%%%%%%%%%%%%%%%%%%%%%%%%%%%%%%%%%%%%%%%%%%%%%%%%%%

%%%%%%%%%%%%%%%%%%%%%%%%%%%%%%%%%%%%%%%%%%%%%%%%%%
%%%%%%%%%%%%%%%%%%% NASTROJE %%%%%%%%%%%%%%%%%%%%%

@Misc{cccc,
  key    = "web:cccc",
  author = "",
  title  = "{CCCC} - {C} and {C}++ {C}ode {C}ounter",
  note   = "\\ \verb|http://cccc.sourceforge.net/|, stav z 16.\,5.\,2010",
}

@Misc{CppDepend,
  key    = "web:cppdepend",
  author = "",
  title  = "Cpp{D}epend : {C}/{C}++ {S}tatic {A}nalysis {T}ool",
  note   = "\\ \verb|http://www.cppdepend.com/|, stav z 16.\,5.\,2010",
}

@Misc{CQL,
  key    = "web:cql",
  author = "",
  title  = "{C}ode {Q}uery {L}anguage 1.8 {S}pecification",
  note   = "\\ \verb|http://www.ndepend.com/CQL.htm|, stav z 16.\,5.\,2010",
}

@Misc{CheckStyle,
  key    = "web:checkstyle",
  author = "",
  title  = "Checkstyle 5.1",
  note   = "\\ \verb|http://checkstyle.sourceforge.net/|, stav z 16.\,5.\,2010",
}

@Misc{FindBugs,
  key    = "web:findbugs",
  author = "",
  title  = "{F}ind{B}ugs {TM} - {F}ind {B}ugs in {J}ava {P}rograms",
  note   = "\\ \verb|http://findbugs.sourceforge.net/|, stav z 16.\,5.\,2010",
}

@Misc{DMS,
  key    = "web:dms",
  author = "",
  title  = "{DMS} {S}oftware {R}eengineering {T}oolkit",
  note   = "\\ \verb|http://www.semdesigns.com/Products/DMS/DMSToolkit.html|, stav z 16.\,5.\,2010",
}

@Misc{GENpp,
  key    = "web:genpp",
  author = "",
  title  = "{G}enoa--{GEN}++",
  note   = "\\ \verb|http://www.cs.ucdavis.edu/~devanbu/genp/|, stav z 16.\,5.\,2010",
}

@Misc{JavaNCSS,
  key    = "web:javancss",
  author = "",
  title  = "{J}ava{NCSS} - {A} {S}ource {M}easurement {S}uite for {J}ava",
  note   = "\\ \verb|http://javancss.codehaus.org/|, stav z 16.\,5.\,2010",
}

@Misc{JDepend,
  key    = "web:jdepend",
  author = "",
  title  = "{JD}epend",
  note   = "\\ \verb|http://clarkware.com/software/JDepend.html|, stav z 16.\,5.\,2010",
}

@Misc{JHawk,
  key    = "web:jhawk",
  author = "",
  title  = "{JH}awk - the {J}ava metrics tool",
  note   = "\\ \verb|http://www.virtualmachinery.com/jhawkprod.htm|, stav z 16.\,5.\,2010",
}

@Misc{JMetric,
  key    = "web:jmetric",
  author = "",
  title  = "{JM}etric",
  note   = "\\ \verb|http://sourceforge.net/projects/jmetric/|, stav z 16.\,5.\,2010",
}

@Misc{McCabeIQ,
  key    = "web:mccabe",
  author = "",
  title  = "{M}c{C}abe {S}oftware - {S}olutions to {G}uide {Y}ou {T}hrough the {A}pplication {L}ifecycle",
  note   = "\\ \verb|http://www.mccabe.com/products.htm|, stav z 16.\,5.\,2010",
}

@Misc{Metrics,
  key    = "web:metrics",
  author = "",
  title  = "{M}etrics 1.3.6",
  note   = "\\ \verb|http://metrics.sourceforge.net/|, stav z 16.\,5.\,2010",
}

@Article{Mudflap,
  author = "Frank Ch. Eigler",
  title  = "{M}udflap: {P}ointer {U}se {C}hecking for {C}/{C}++",
  journal= "{GCC} {D}evelopers {S}ummit",
  year   = 2003,
  note   = "\\ \verb|http://gcc.fyxm.net/summit/2003/mudflap.pdf|, stav z 16.\,5.\,2010",
}

@Misc{NDepend,
  key    = "web:ndepend",
  author = "",
  title  = "{ND}epend {H}ome {P}age",
  note   = "\\ \verb|http://www.ndepend.com/|, stav z 16.\,5.\,2010",
}

@Misc{PHPDepend,
  key    = "web:phpdepend",
  author = "",
  title  = "{PHP} {D}epend - {S}oftware {M}etrics for {PHP}",
  note   = "\\ \verb|http://pdepend.org/|, stav z 16.\,5.\,2010",
}

@Misc{PMD,
  key    = "web:pmd",
  author = "",
  title  = "{PMD}",
  note   = "\\ \verb|http://pmd.sourceforge.net/|, stav z 16.\,5.\,2010",
}

@Misc{ProjectAnalyzer,
  key    = "web:projectanalyzer",
  author = "",
  title  = "{P}roject {M}etrics in {P}roject {A}nalyzer",
  note   = "\\ \verb|http://www.aivosto.com/project/help/pm-index.html|, stav z 16.\,5.\,2010",
}

@Misc{PyMetrics,
  key    = "web:pymetrics",
  author = "",
  title  = "{P}y{M}etrics",
  note   = "\\ \verb|http://sourceforge.net/projects/pymetrics/|, stav z 16.\,5.\,2010",
}

@Misc{RSM,
  key    = "web:rsm",
  author = "",
  title  = "{R}esource {S}tandard {S}oftware {S}ource {C}ode {M}etrics {F}or {C}, {C}++, {C}\# and {J}ava",
  note   = "\\ \verb|http://msquaredtechnologies.com/m2rsm/|, stav z 16.\,5.\,2010",
}

@Misc{SourceMonitor,
  key    = "web:sourcemonitor",
  author = "",
  title  = "{S}ource{M}onitor {V}ersion 2.5",
  note   = "\\ \verb|http://www.campwoodsw.com/sourcemonitor.html|, stav z 16.\,5.\,2010",
}

@Misc{STAN,
  key    = "web:stan",
  author = "",
  title  = "{STAN} - {S}tructure {A}nalysis for {J}ava",
  note   = "\\ \verb|http://stan4j.com/|, stav z 16.\,5.\,2010",
}

@Misc{Testwell,
  key    = "web:testwell",
  author = "",
  title  = "{T}esting tools for {C}, {C}++ and {J}ava",
  note   = "\\ \verb|http://www.testwell.fi/|, stav z 16.\,5.\,2010",
}

@Misc{Understand,
  key    = "web:understand",
  author = "",
  title  = "{U}nderstand {Y}our {C}ode",
  note   = "\\ \verb|http://scitools.com/products/understand/cpp/product.php|, stav z 16.\,5.\,2010",
}

@Misc{Valgrind,
  key    = "web:valgrind",
  author = "",
  title  = "{V}algrind",
  note   = "\\ \verb|http://valgrind.org/|, stav z 16.\,5.\,2010",
}

@Misc{Vil,
  key    = "web:vil",
  author = "",
  title  = "{V}il - {OO} metrics, {C}\# metrics, .{N}et {S}oftware {M}etrics ( {MSIL}, {CIL}, {IL})",
  note   = "\\ \verb|http://www.1bot.com/|, stav z 16.\,5.\,2010",
}

@Misc{XDepend,
  key    = "web:xdepend",
  author = "",
  title  = "{XD}epend - {X}-ray your code",
  note   = "\\ \verb|http://www.xdepend.com/|, stav z 16.\,5.\,2010",
}

%%%%%%%%%%%%%%%%%% ~NASTROJE~ %%%%%%%%%%%%%%%%%%%%
%%%%%%%%%%%%%%%%%%%%%%%%%%%%%%%%%%%%%%%%%%%%%%%%%%

@Article{Chen01,
  author = "Yong-Sheng Chen and Yi-Ping Hung and Chiou-Shann Fuh",
  title  = "Fast Block Matching Algorithm Based on the Winner-Update Strategy",
  journal= "IEEE Transactions On Image Processing",
  pages  = "1212--1222",
  volume =   10,
  number =    8,
  year   = 2001,
}

% Pokud potrebujeme BibTeXu napovedet, kde je nutne zachovat velka a mala 
% pismena, je potreba pouzit slozene zavorky {}. 
% Vetsinou jde o zkratky a vlastnich jmena, ktera nejsou na zacatku nazvu 
% publikace, pripadne o nazvy maker (viz napr. makro \LaTeX).

@Misc{Weber04,
  author = "Martin Weber",
  title  = "Auto{T}race: {A} utility for converting bitmap into vector graphics",
  note   = "\verb|http://autotrace.sourceforge.net|",
  year   = 2004,
}

@InProceedings{Weiss99,
  author    = "Yair Weiss",
  title     = "Segmentation using eigenvectors: {A} unifying view",
  booktitle = "Processings of IEEE International Conference on Computer Vision",
  editor    = "Kim Zheng",
  pages     = "975--982",
  year      =  1999,
}

@InProceedings{Nam04,
  author = 	  {Young Jin Nam and Chanik Park},
  title = 	  {An efficient fair queuing algorithm for guaranteed disk bandwidth},
  booktitle =     {Euro-Par 2004 Parallel Processing},
  year =	  {2004},
  editor =	  {M. Danelutto and D. Laforenza and M. Vanneschi},
  month =	  {august},
  series =	  {Lecture Notes in Computer Science},
  number =	  3149,
  pages =	  {799-802},
  publisher =     {Springer Verlag, 2004},
}


% Nekdy musime dlouhe URL odkazy zalamovat rucne, jak je ukazano nize.
% Vzdy ale uvedeme, kdy byla stranka naposledy aktualizovana, resp. pokud neni
% uvedeno, datum, kdy jsme udaje z ni nacerpali.

@Misc{CSTUG,
  key    = "web:cstug",
  author = "",
  title  = "{CSTUG} --- {\CS}{\TeX} {U}sers {G}roup --- hlavní stránka",
  note   = "\\ \verb|http://www.cstug.cz/|, stav z 2.\,3.\,2009",
}

@Misc{latexdocweb,
  key    = "web:latexdocweb",
  author = "",
  title  = "{\LaTeX} --- online manuál",
  note   = "\\ \verb|http://www.cstug.cz/latex/lm/frames.html|, stav ze 4.\,5.\,2009",
}


@Misc{infodp,
  key    = "web:infodp",
  author = "",
  title  = "K336 {I}nfo --- pokyny pro psaní diplomových prací",
  note   = "\\ \verb|https://info336.felk.cvut.cz/clanek.php?id=400|, stav ze 4.\,5.\,2009",
}

@Misc{infobp,
  key    = "web:infobp",
  author = "",
  title  = "K336 {I}nfo --- pokyny pro psaní bakalářských prací",
  note   = "\\ \verb|https://info336.felk.cvut.cz/clanek.php?id=504|, stav ze 4.\,5.\,2009",
}

%
@Misc{ipe,
  key    = "web:ipe",
  author = "",
  title  = "Grafický vektorový editor pro práce vhodný pro práci {\LaTeX}em",
  note   = "\\ \verb|http://tclab.kaist.ac.kr/ipe/|, stav z 4.\,5.\,2009",
}

@Misc{info,
  key    = "web:info",
  author = "",
  title  = "K336 {I}nfo",
  note   = "\\ \verb|  http://info336.felk.cvut.cz|, stav ze 4.\,5.\,2009",
}

@Misc{latexutf,
  key = "web:latexutf",
  author = "",
  title =  "Wiki Books {\LaTeX}/{I}nternationalization",
  note =   "\\ \verb|http://en.wikibooks.org/wiki/LaTeX/Internationalization|, stav z 1.\,5.\,2009",
}


@Misc{latexwiki,
  key    = "web:latexwiki",
  author = "",
  title  = "Wiki Books {\LaTeX}",
  note   = "\\ \verb|http://en.wikibooks.org/wiki/LaTeX/|, stav z 3.\,4.\,2009",
}


@Misc{dp_jcu,
  key = "web:dpjcu",
  author =       "",
  title =        "Pokyny pro psaní {DP} na {JČU}",
  note =         "\\ \verb|http://home.pf.jcu.cz/~edpo/pravidla/pravidla.html|, stav z 8.\,12.\,2008",
}

@Misc{dp_mendel,
  key = "web:dpmendel",
  author =       "",
  title =        "Pokyny pro psaní {DP} na {M}endelově univerzitě v {B}rně",
  note =         "\\ \verb|http://old.mendelu.cz/~rybicka/zpract/\#diplomky|, stav z 1.\,2.\,2008",
}

@COMMENT( The references below have first names abridged. Do not follow this,
use full names whenever possible, BibTeX style will do the appropriate unifications. )

@Book{kniha,
  author =       "J. Žára and B. Beneš and P. Felkel",
  title =        "Moderní počítačová grafika",
  publisher =    "Computer Press s.r.o, Brno",
  edition =      "1st",
  year   = 1998,
  note =	"In Czech",
}

@Article{clanek,
  author =       "P. Slavík",
  title =        "Grammars and Rewriting Systems as Models for Graphical User Interfaces",
  journal =      "Cognitive Systems",
  pages =        "381--399",
  volume =       4,
  number =       "3/4",
  year =         1997,
}

@COMMENT( It is always better to use TeX diacritical escape sequences, 
e.g. {\'{L}}, in the bibliography database, making it encoding independent 
and thus compilable under different document encoding settings. 
Do not follow these examples! )

@InProceedings{sbornik,
  author = 	  "M. Haindl and {\'{L}}. Kment and  P. Slavík",
  title = 	  "Virtual Information Systems",
  booktitle =     "WSCG'2000 --- Short communication papers",
  year =	  2000,
  pages =	  "22--27",
  publisher =     "University of West Bohemia, Pilsen",
}

@Misc{www,
  key = "web:infogs",
  author =       "",
  title =        "Knihovna {G}rafické skupiny",
  note =         "\\ \verb|http://www.cgg.cvut.cz/Bib/library/|, stav z 30.\,8.\,2001",
}
